@INPROCEEDINGS{6248110, 
author={D. Ciregan and U. Meier and J. Schmidhuber}, 
booktitle={Computer Vision and Pattern Recognition (CVPR), 2012 IEEE Conference on}, 
title={Multi-column deep neural networks for image classification}, 
year={2012}, 
pages={3642-3649}, 
keywords={graphics processing units;handwritten character recognition;image classification;image recognition;learning (artificial intelligence);neural nets;MNIST handwriting benchmark;artificial neural network architectures;computer vision;convolutional winner-take-all neurons;fast training;graphics cards;handwritten digits recognition;human performance;image classification;machine learning;multicolumn deep neural networks;retina;sparsely connected neural layers;traffic sign recognition benchmark;traffic signs;visual cortex;Benchmark testing;Computer architecture;Error analysis;Graphics processing unit;Neurons;Training}, 
doi={10.1109/CVPR.2012.6248110}, 
ISSN={1063-6919}, 
month={June},}

@inproceedings{krizhevsky2012imagenet,
  title={Imagenet classification with deep convolutional neural networks},
  author={Krizhevsky, Alex and Sutskever, Ilya and Hinton, Geoffrey E},
  booktitle={Advances in neural information processing systems},
  pages={1097--1105},
  year={2012},
}

@inproceedings{sanchez2011high,
  title={High-dimensional signature compression for large-scale image classification},
  author={S{\'a}nchez, Jorge and Perronnin, Florent},
  booktitle={Computer Vision and Pattern Recognition (CVPR), 2011 IEEE Conference on},
  pages={1665--1672},
  year={2011},
  organization={IEEE}
}

@inproceedings{deng2009imagenet,
  title={Imagenet: A large-scale hierarchical image database},
  author={Deng, Jia and Dong, Wei and Socher, Richard and Li, Li-Jia and Li, Kai and Fei-Fei, Li},
  booktitle={Computer Vision and Pattern Recognition, 2009. CVPR 2009. IEEE Conference on},
  pages={248--255},
  year={2009},
  organization={IEEE}
}

@article{Torralba:2008:MTI:1444381.1444403,
 author = {Torralba, Antonio and Fergus, Rob and Freeman, William T.},
 title = {80 Million Tiny Images: A Large Data Set for Nonparametric Object and Scene Recognition},
 journal = {IEEE Trans. Pattern Anal. Mach. Intell.},
 issue_date = {November 2008},
 volume = {30},
 number = {11},
 month = {nov},
 year = {2008},
 issn = {0162-8828},
 pages = {1958--1970},
 numpages = {13},
 url = {http://dx.doi.org/10.1109/TPAMI.2008.128},
 doi = {10.1109/TPAMI.2008.128},
 acmid = {1444403},
 publisher = {IEEE Computer Society},
 address = {Washington, DC, USA},
 keywords = {Computer vision, Computer vision, Object recognition, large datasets, nearest-neighbor methods, Object recognition, large datasets, nearest-neighbor methods},
}

@inproceedings{schwartz2009human,
  title={Human detection using partial least squares analysis},
  author={Schwartz, William Robson and Kembhavi, Aniruddha and Harwood, David and Davis, Larry S},
  booktitle={Computer vision, 2009 IEEE 12th international conference on},
  pages={24--31},
  year={2009},
  organization={IEEE}
}

@inproceedings{shi2009hash,
  title={Hash kernels},
  author={Shi, Qinfeng and Petterson, James and Dror, Gideon and Langford, John and Strehl, Alexander L and Smola, Alex J and Vishwanathan, SVN},
  booktitle={International Conference on Artificial Intelligence and Statistics},
  pages={496--503},
  year={2009}
}

@inproceedings{weinberger2009feature,
  title={Feature hashing for large scale multitask learning},
  author={Weinberger, Kilian and Dasgupta, Anirban and Langford, John and Smola, Alex and Attenberg, Josh},
  booktitle={Proceedings of the 26th Annual International Conference on Machine Learning},
  pages={1113--1120},
  year={2009},
  organization={ACM}
}